@article{Davis80-COP,
	Author = {Steven B. Davis and Paul Mermelstein},
	Journal = {IEEE Transactions on Acoustics, Speech and Signal Processing},
	Number = {4},
	Pages = {357--366},
	Title = {Comparison of Parametric Representations for Monosyllabic Word Recognition in Continuously Spoken Sentences},
	Volume = {28},
  Month = aug,
	Year = {1980}}

@article{Rabiner89-ATO,
	Author = {Lawrence R. Rabiner},
	Journal = {Proceedings of the IEEE},
	Number = {2},
	Pages = {257--286},
	Title = {A Tutorial on Hidden {Markov} Models and Selected Applications in Speech Recognition},
	Volume = {77},
  Month = feb,
	Year = {1989}}

@book{Hastie09-TEO,
	Address = {New York},
	Author = {Trevor Hastie and Robert Tibshirani and Jerome Friedman},
	Publisher = {Springer},
	Title = {The Elements of Statistical Learning -- Data Mining, Inference, and Prediction},
	Year = {2009}}

@inproceedings{Smith22-XXX,
	Author = {Jane Smith and Firstname2 Lastname2 and Firstname3 Lastname3},
	Pages = {100--104},
	Title = {A really good paper about {D}ynamic {T}ime {W}arping},
 	Booktitle = {Proc. {INTERSPEECH} 2022 -- 23\textsuperscript{rd} Annual Conference of the International Speech Communication Association},
    Address = {{Incheon, Korea}},
    Month = {{Sep.}},
	Year = {2022}}

 % use the Crossref field to copy any unspecified fields (such as booktitle) from another entry, 
@inproceedings{Jones22-XXX,
	Author = {Robert Jones and Firstname2 Lastname2 and Firstname3 Lastname3},
	Crossref = {Smith22-XXX},
	Pages = {105--109},
	Title = {An excellent paper introducing the {ABC} toolkit}}

@inproceedings{moore19_interspeech,
  author={Roger K. Moore and Lucy Skidmore},
  title={On the Use/Misuse of the Term {`Phoneme'}},
    Address = {{Graz, Austria}},
    Month = {{Sep.}},
  year=2019,
 	Booktitle = {Proc. {INTERSPEECH} 2019 -- 20\textsuperscript{th} Annual Conference of the International Speech Communication Association},
  pages={2340--2344},
  doi={10.21437/Interspeech.2019-2711}
}

@inproceedings{voxlingua107,
  title={Vox\uppercase{L}ingua107: a Dataset for Spoken Language Recognition},
  author={Valk, J{\"o}rgen and Alum{\"a}e, Tanel},
  booktitle={Proc. 2021 IEEE Spoken Language Technology Workshop (SLT)},
  pages={652--658},
  year={2021}
}

@article{Spokenlanguagerecognition,
  title={Spoken language recognition: from fundamentals to practice},
  author={Li, Haizhou and Ma, Bin and Lee, Kong Aik},
  journal={Proceedings of the IEEE},
  volume={101},
  number={5},
  pages={1136--1159},
  year={2013},
  publisher={IEEE}
}

@article{svm_diar,
  title={SVM Based Language Diarization for Code-Switched Bilingual Indian Speech Using Bottleneck Features.},
  author={Spoorthy, V and Thenkanidiyoor, Veena and Dinesh, Dileep Aroor},
  booktitle={SLTU},
  pages={132--136},
  year={2018}
}

@inproceedings{alumae22_odyssey,
  author={Alumäe, Tanel and Kukk, Kunnar},
  title={Pretraining approaches for spoken language recognition: \uppercase{T}al\uppercase{T}ech submission to the \uppercase{OLR} 2021 challenge},
  year={2022},
  booktitle={Proc. the Speaker and Language Recognition Workshop (Odyssey 2022)},
  pages={240--247}
}

@inproceedings{babu2021xlsr,
  title={\uppercase{Xls-r}: self-supervised cross-lingual speech representation learning at scale},
  author={Babu, Arun and others},
  booktitle={Proc. INTERSPEECH 2022},
  pages={2278--2282},
  year={2022}
}

@inproceedings{arcface,
  title={\uppercase{A}rc\uppercase{F}ace: Additive angular margin loss for deep face recognition},
  author={Deng, Jiankang and others},
  booktitle={Proc. the IEEE/CVF conference on computer vision and pattern recognition},
  pages={4690--4699},
  year={2019}
}

@inproceedings{ott2019fairseq,
  title={fairseq: A fast, extensible toolkit for sequence modeling},
  author={Ott, Myle and others},
  booktitle={Proc. the 2019 Conference of the North {A}merican Chapter of the Association for Computational Linguistics (Demonstrations)},
  pages={48--53},
  year={2019}
}

@inproceedings{gusev2020deep,
  title={Deep speaker embeddings for far-field speaker recognition on short utterances},
  author={Gusev, Aleksei and others},
  year={2020},
  booktitle={Proc. the Speaker and Language Recognition Workshop (Odyssey 2020)},
  pages={179--186},
  doi={10.21437/Odyssey.2020-26}
}

@inproceedings{novoselov2018deep,
  title={On deep speaker embeddings for text-independent speaker recognition},
  author={Novoselov, Sergey and others},
  year={2018},
  booktitle={Proc. the Speaker and Language Recognition Workshop (Odyssey 2018)},
  pages={378--385}
}

@inproceedings{curricularface,
  title={Curricular\uppercase{f}ace: adaptive curriculum learning loss for deep face recognition},
  author={Huang, Yuge and others},
  booktitle={{Proc. the IEEE/CVF Conference on Computer Vision and Pattern Recognition}},
  pages={5901--5910},
  year={2020}
}

@inproceedings{lavrentyeva22_odyssey,
  author={Lavrentyeva, Galina and others},
  title={{STC speaker recognition system for the NIST SRE 2021}},
  year={2022},
  booktitle={Proc. the Speaker and Language Recognition Workshop (Odyssey 2022)},
  pages={354--361},
  doi={10.21437/Odyssey.2022-49}
}

@article{mms,
  title={Scaling speech technology to 1,000+ languages},
  author={Pratap, Vineel and others},
  journal={Journal of Machine Learning Research},
  volume={25},
  number={97},
  pages={1--52},
  year={2024}
}

@article{spec_sclut,
  title={A tutorial on spectral clustering},
  author={Von Luxburg, Ulrike},
  journal={Statistics and computing},
  volume={17},
  pages={395--416},
  year={2007},
  publisher={Springer}
}

@inproceedings{unet,
  title={U-net: Convolutional networks for biomedical image segmentation},
  author={Ronneberger, Olaf and Fischer, Philipp and Brox, Thomas},
  booktitle={Proc. The 18th International Conference on Medical Image Computing and Computer-Assisted Intervention (MICCAI 2015)},
  pages={234--241},
  year={2015}
}

@inproceedings{fleurs,
  title={Fleurs: Few-shot learning evaluation of universal representations of speech},
  author={Conneau, Alexis and Ma, Min and Khanuja, Simran and Zhang, Yu and Axelrod, Vera and Dalmia, Siddharth and Riesa, Jason and Rivera, Clara and Bapna, Ankur},
  booktitle={2022 IEEE Spoken Language Technology Workshop (SLT)},
  pages={798--805},
  year={2023},
  organization={IEEE}
}

@article{voicefixer,
  title={Voicefixer: A unified framework for high-fidelity speech restoration},
  author={Liu, Haohe and Liu, Xubo and Kong, Qiuqiang and Tian, Qiao and Zhao, Yan and Wang, DeLiang and Huang, Chuanzeng and Wang, Yuxuan},
  journal={arXiv preprint arXiv:2204.05841},
  year={2022}
}

@article{displace23,
  title={Summary of the \uppercase{DISPLACE} Challenge 2023~-- DIarization of SPeaker and LAnguage in Conversational Environments},
  author={Baghel, Shikha and others},
  journal={Journal of Speech Communication},
  volume={161},
  number={C},
  pages={103080},
  year={2023}
}

@article{codeswitch,
  title={Code switching and code mixing as a communicative strategy in multilingual discourse},
  author={Tay, Mary W. J.},
  journal={Journal of World Englishes},
  volume={8},
  number={3},
  pages={407--417},
  year={1989},
  publisher={Wiley Online Library}
}

@InProceedings{silero,
  author = {}, 
  title  = {Silero \uppercase{VAD}: pre-trained enterprise-grade Voice Activity Detector (\uppercase{VAD}), Number Detector and Language Classifier},
  year   = {https://github.com/snakers4/silero-vad, 2024, [Online; accessed 24-December-2024]}
}

  year   = {https://www.openslr.org/28/, 2024, [Online; accessed 11-March-2024]}

%, 2024, [Online; accessed 11-March-2024]

@misc{musan2015,
  author = {Snyder, David and Chen, Guoguo and Povey, Daniel},
  title = {{MUSAN}: a music, speech, and noise corpus},
  year = {2015},
  eprint = {1510.08484},
  note = {arXiv preprint arXiv:1510.08484v1}
}

@InProceedings{rir_noises,
  author = {Povey, Daniel and others}, 
  title  = {Room impulse response and noise database},
  year   = {https://www.openslr.org/28/, 2024, [Online; accessed 24-December-2024]}
}

@inproceedings{vachhani23_interspeech,
  author={Bhavik Vachhani and Dipesh Singh and Rustom Lawyer},
  title={Multi-resolution Approach to Identification of Spoken Languages and To Improve Overall Language Diarization System Using Whisper Model},
  year=2023,
  booktitle={Proc. INTERSPEECH 2023},
  pages={1993--1997},
  doi={10.21437/Interspeech.2023-1354}
}

@inproceedings{stolcke2019dover,
  title={\uppercase{DOVER}: A method for combining diarization outputs},
  author={Stolcke, Andreas and Yoshioka, Takuya},
  booktitle={Proc. 2019 IEEE Automatic Speech Recognition and Understanding Workshop (ASRU)},
  pages={757--763},
  year={2019}
}

@inproceedings{diez2018speaker,
  title={Speaker Diarization based on Bayesian HMM with Eigenvoice Priors.},
  author={Diez, Mireia and Burget, Luk{\'a}s and Matejka, Pavel},
  booktitle={Odyssey},
  pages={147--154},
  year={2018}
}

@inproceedings{alumae23_interspeech,
  author={Tanel Alumäe and others},
  title={Exploring the Impact of Pretrained Models and Web-Scraped Data for the 2022 \uppercase{NIST} Language Recognition Evaluation},
  year=2023,
  booktitle={Proc. INTERSPEECH 2023},
  pages={516--520},
  doi={10.21437/Interspeech.2023-1790}
}

@inproceedings{baevski2020wav2vec,
  title={wav2vec 2.0: A framework for self-supervised learning of speech representations},
  author={Baevski, Alexei and others},
  year={2020},
  booktitle={Proc. Advances in Neural Information Processing Systems (NeurIPS)},
  volume={33},
  pages={12449--12460}
}

@article{hsu2021hubert,
  title={\uppercase{H}u\uppercase{BERT}: Self-supervised speech representation learning by masked prediction of hidden units},
  author={Hsu, Wei-Ning and others},
  journal={IEEE/ACM Transactions on Audio, Speech, and Language Processing},
  volume={29},
  pages={3451--3460},
  year={2021},
  publisher={IEEE}
}

@inproceedings{radford2023robust,
  title={Robust speech recognition via large-scale weak supervision},
  author={Radford, Alec and others},
  booktitle={International Conference on Machine Learning},
  pages={28492--28518},
  year={2023},
  organization={PMLR}
}

@inproceedings{spec_clust_github,
  title={Turn-to-diarize: Online speaker diarization constrained by transformer transducer speaker turn detection},
  author={Xia, Wei and others},
  booktitle={ICASSP 2022 -- 2022 IEEE International Conference on Acoustics, Speech and Signal Processing (ICASSP)},
  pages={8077--8081},
  year={2022}
}

@inproceedings{displace2,
  title={The Second \uppercase{DISPLACE} Challenge: DIarization of SPeaker and LAnguage in Conversational Environments},
  author={Kalluri, Shareef Babu and others},
  booktitle={Proc. INTERSPEECH 2024},
  pages={1630--1634},
  year={2024}
}